@misc{datosdescr,
  title = {Titanic: Machine Learning from Disaster},
  howpublished = {\url{http://statweb.stanford.edu/~tibs/ElemStatLearn/datasets/prostate.info.txt}},
  note = {Accessed: 20-06-2016}
}

@misc{datos,
  title = {Gapminder: Unveiling the beauty of statistics for a fact based world view.},
  howpublished = {\url{http://statweb.stanford.edu/~tibs/ElemStatLearn/datasets/prostate.data}},
  note = {Accessed: 20-06-2016}
}